
@article{cavalcante_computational_2016,
	title = {Computational intelligence and financial markets: {A} survey and future directions},
	volume = {55},
	shorttitle = {Computational intelligence and financial markets},
	url = {http://www.sciencedirect.com/science/article/pii/S095741741630029X},
	urldate = {2017-07-11},
	journal = {Expert Systems with Applications},
	author = {Cavalcante, Rodolfo C. and Brasileiro, Rodrigo C. and Souza, Victor LF and Nobrega, Jarley P. and Oliveira, Adriano LI},
	year = {2016},
	pages = {194--211},
	file = {Snapshot:C\:\\Users\\KoopmaCK\\Zotero\\storage\\WDSW37GZ\\S095741741630029X.html:text/html}
}

@article{panella_forecasting_2012,
	title = {Forecasting energy commodity prices using neural networks},
	volume = {2012},
	url = {https://www.hindawi.com/journals/ads/2012/289810/abs/},
	urldate = {2017-07-11},
	journal = {Advances in Decision Sciences},
	author = {Panella, Massimo and Barcellona, Francesco and D'ecclesia, Rita L.},
	year = {2012},
	file = {[PDF] hindawi.com:C\:\\Users\\KoopmaCK\\Zotero\\storage\\TB8XT24J\\Panella et al. - 2012 - Forecasting energy commodity prices using neural n.pdf:application/pdf;Snapshot:C\:\\Users\\KoopmaCK\\Zotero\\storage\\3P7G26TP\\abs.html:application/xhtml+xml}
}

@article{mingming_multiple_2012,
	title = {A multiple adaptive wavelet recurrent neural network model to analyze crude oil prices},
	volume = {64},
	url = {http://www.sciencedirect.com/science/article/pii/S0148619512000173},
	number = {4},
	urldate = {2017-07-11},
	journal = {Journal of Economics and Business},
	author = {Mingming, Tang and Jinliang, Zhang},
	year = {2012},
	pages = {275--286},
	file = {Snapshot:C\:\\Users\\KoopmaCK\\Zotero\\storage\\BC4L5YG9\\S0148619512000173.html:text/html}
}

@inproceedings{agbon_predicting_2003,
	title = {Predicting {Oil} and {Gas} {Spot} {Prices} {Using} {Chaos} {Time} {Series} {Analysis} and {Fuzzy} {Neural} {Network} {Model}.},
	url = {https://www.onepetro.org/conference-paper/SPE-82014-MS},
	urldate = {2017-07-11},
	booktitle = {{SPE} {Hydrocarbon} {Economics} and {Evaluation} {Symposium}},
	publisher = {Society of Petroleum Engineers},
	author = {Agbon, I. S. and Araque, J. C. and {others}},
	year = {2003},
	file = {Snapshot:C\:\\Users\\KoopmaCK\\Zotero\\storage\\5VQHBPZG\\SPE-82014-MS.html:text/html}
}

@inproceedings{thakur_hybrid_2015,
	title = {Hybrid model of gas price prediction using moving average and neural network},
	url = {http://ieeexplore.ieee.org/abstract/document/7375218/},
	urldate = {2017-07-11},
	booktitle = {Next {Generation} {Computing} {Technologies} ({NGCT}), 2015 1st {International} {Conference} on},
	publisher = {IEEE},
	author = {Thakur, Anita and Kumar, Saswat and Tiwari, Aishwarya},
	year = {2015},
	pages = {735--737},
	file = {Snapshot:C\:\\Users\\KoopmaCK\\Zotero\\storage\\JNPYQSAC\\7375218.html:text/html}
}

@article{weron_electricity_2014,
	title = {Electricity price forecasting: {A} review of the state-of-the-art with a look into the future},
	volume = {30},
	shorttitle = {Electricity price forecasting},
	url = {http://www.sciencedirect.com/science/article/pii/S0169207014001083},
	number = {4},
	urldate = {2017-07-11},
	journal = {International journal of forecasting},
	author = {Weron, Rafa{\textbackslash}l},
	year = {2014},
	pages = {1030--1081},
	file = {[HTML] sciencedirect.com:C\:\\Users\\KoopmaCK\\Zotero\\storage\\J6NVP6K4\\S0169207014001083.html:text/html}
}

@article{nguyen_short-term_2010,
	title = {Short-term electricity demand and gas price forecasts using wavelet transforms and adaptive models},
	volume = {35},
	url = {http://www.sciencedirect.com/science/article/pii/S0360544210002768},
	number = {9},
	urldate = {2017-07-11},
	journal = {Energy},
	author = {Nguyen, Hang T. and Nabney, Ian T.},
	year = {2010},
	pages = {3674--3685},
	file = {[PDF] aston.ac.uk:C\:\\Users\\KoopmaCK\\Zotero\\storage\\KJZCFZXD\\Nguyen und Nabney - 2010 - Short-term electricity demand and gas price foreca.pdf:application/pdf;Snapshot:C\:\\Users\\KoopmaCK\\Zotero\\storage\\GHPEX2LD\\S0360544210002768.html:text/html}
}

@article{anbazhagan_day-ahead_2013,
	title = {Day-ahead deregulated electricity market price forecasting using recurrent neural network},
	volume = {7},
	url = {http://ieeexplore.ieee.org/abstract/document/6397562/},
	number = {4},
	urldate = {2017-07-11},
	journal = {IEEE Systems Journal},
	author = {Anbazhagan, S. and Kumarappan, Narayanan},
	year = {2013},
	pages = {866--872},
	file = {Snapshot:C\:\\Users\\KoopmaCK\\Zotero\\storage\\UU58TNX9\\6397562.html:text/html}
}

@article{singhal_electricity_2011,
	title = {Electricity price forecasting using artificial neural networks},
	volume = {33},
	url = {http://www.sciencedirect.com/science/article/pii/S0142061510002231},
	number = {3},
	urldate = {2017-07-11},
	journal = {International Journal of Electrical Power \& Energy Systems},
	author = {Singhal, Deepak and Swarup, K. S.},
	year = {2011},
	pages = {550--555},
	file = {Snapshot:C\:\\Users\\KoopmaCK\\Zotero\\storage\\HRSZ9RUL\\S0142061510002231.html:text/html}
}

@article{szkuta_electricity_1999,
	title = {Electricity price short-term forecasting using artificial neural networks},
	volume = {14},
	url = {http://ieeexplore.ieee.org/abstract/document/780895/},
	number = {3},
	urldate = {2017-07-11},
	journal = {IEEE transactions on power systems},
	author = {Szkuta, B. R. and Sanabria, L. A. and Dillon, T. S.},
	year = {1999},
	pages = {851--857},
	file = {Snapshot:C\:\\Users\\KoopmaCK\\Zotero\\storage\\PVJTZ48B\\780895.html:text/html}
}

@article{yamin_adaptive_2004,
	title = {Adaptive short-term electricity price forecasting using artificial neural networks in the restructured power markets},
	volume = {26},
	url = {http://www.sciencedirect.com/science/article/pii/S0142061504000420},
	number = {8},
	urldate = {2017-07-11},
	journal = {International journal of electrical power \& energy systems},
	author = {Yamin, H. Y. and Shahidehpour, S. M. and Li, Z.},
	year = {2004},
	pages = {571--581},
	file = {Snapshot:C\:\\Users\\KoopmaCK\\Zotero\\storage\\GMR9Y6CE\\S0142061504000420.html:text/html}
}

@article{jammazi_crude_2012,
	title = {Crude oil price forecasting: {Experimental} evidence from wavelet decomposition and neural network modeling},
	volume = {34},
	shorttitle = {Crude oil price forecasting},
	url = {http://www.sciencedirect.com/science/article/pii/S0140988311001484},
	number = {3},
	urldate = {2017-07-11},
	journal = {Energy Economics},
	author = {Jammazi, Rania and Aloui, Chaker},
	year = {2012},
	pages = {828--841},
	file = {Snapshot:C\:\\Users\\KoopmaCK\\Zotero\\storage\\X435JEWY\\S0140988311001484.html:text/html}
}